<?xml version="1.0" encoding="UTF-8"?><collection xmlns="http://www.loc.gov/MARC21/slim"><record><leader>00543nam--2200169-i-4500</leader><controlfield tag="001">000007214</controlfield><controlfield tag="002">20161230</controlfield><controlfield tag="005">20161230201027</controlfield><controlfield tag="008">060222s1000------------r-----000-0-eng-d</controlfield><datafield ind1=" " ind2=" " tag="040"><subfield code="a">IFIN-HH</subfield></datafield><datafield ind1=" " ind2=" " tag="080"><subfield code="a">519.83</subfield></datafield><datafield ind1="1" ind2=" " tag="100"><subfield code="a">Boot, John C.G</subfield></datafield><datafield ind1="1" ind2="0" tag="245"><subfield code="a">Studies in mathematical and managerial economics</subfield><subfield code="b">Volume 2 quadratic programming. algorithms - anomalies - applications</subfield><subfield code="c">John c.g. boot</subfield></datafield><datafield ind1=" " ind2=" " tag="260"><subfield code="a">Amsterdam</subfield><subfield code="b">North-holland Publishing Company</subfield><subfield code="c">1964</subfield></datafield><datafield ind1=" " ind2=" " tag="300"><subfield code="a">XVII + 213 P</subfield></datafield><datafield ind1=" " ind2=" " tag="852"><subfield code="a">21735</subfield><subfield code="c">519.283</subfield></datafield><datafield ind1=" " ind2=" " tag="CAT"><subfield code="a">Sys</subfield><subfield code="c">20130807</subfield><subfield code="h">111020</subfield></datafield></record></collection>